@MISC{pic:bsp,
  url = {http://www.bfh.ch},
  urldate = {2013-09-27},
  author = {Uwe Siart},
  title = {Smith-Chart Aufbau},
  year = {2012},
  keywords = {pic},
}


@ONLINE{lit:bsp,
  url = {www.test.com},
  title = {CAN-Bus},
  publisher = {Uwe Siart},
  urldate = {2013-10-21},
  author = {Horst Engels},
  year = {2012},
  keywords = {lit},
}


@BOOK{lit:bsp,
  title = {CAN-Bus},
  publisher = {Franzis Verlag},
  year = {2002},
  author = {Horst Engels},
  edition = {2},
  month = {09},
  keywords = {lit},
}



@ONLINE{lit:mutex_vs_semaphore,
  url = {http://koti.mbnet.fi/niclasw/MutexSemaphore.html},
  title = {Mutex vs. Semaphore, what is the difference?},
  publisher = {Niclas Winquist},
  urldate = {2013-12-24},
  year = {2013},
  keywords = {lit},
}

@ONLINE{lit:can_remote_frame,
  url = {http://www.microcontrol-blog.net/2013/03/finger-weg-von-can-remote-frames/},
  title = {Finger weg von CAN Remote Frames},
  publisher = {MicroControl},
  urldate = {2013-10-23},
  year = {2013},
  keywords = {lit},
}

@ONLINE{lit:can_wiki,
  url = {https://de.wikipedia.org/wiki/Controller_Area_Network#Frame-Aufbau},
  title = {Controller_Area_Network},
  publisher = {Wikipedia.org},
  urldate = {2013-10-21},
  year = {2013},
  keywords = {lit},
}

@BOOK{lit:can,
  title = {CAN-Bus},
  publisher = {Franzis Verlag},
  year = {2002},
  author = {Horst Engels},
  edition = {2},
  keywords = {lit},
}

@BOOK{lit:es,
  title = {Embedded Systems},
  publisher = {Berner Fachhochschule},
  year = {2013},
  month = {09},
  author = {Roger Weber},
  edition = {1.0},
  keywords = {lit},
}

@BOOK{lit:cortexm4_reference,
  title = {RM0090 Reference Manual},
  publisher = {STMicroelectronics},
  year = {2013},
  month = {09},
  edition = {1.0},
  keywords = {lit},
}

@BOOK{lit:eurobot,
  title = {Eurobot Rules},
  publisher = {Eurobot Association},
  year = {2013},
  month = {09},
  edition = {1.0},
  keywords = {lit},
}


@BOOK{pic:eurobot_spielfeld,
  title = {Eurobot Rules},
  publisher = {Eurobot Association},
  year = {2013},
  month = {09},
  edition = {1.0},
  keywords = {pic},
}

@ONLINE{lit:astar_wiki,
  url = {https://de.wikipedia.org/wiki/A*-Algorithmus},
  title = {A*-Algorithmus},
  publisher = {Wikipedia.org},
  urldate = {2014-04-27},
  year = {2014},
  keywords = {lit},
}

@BOOK{lit:tsp_achen,
  title = {Traveling Salesman Problem},
  publisher = {RWTH Achen},
  author = {Florian Weingarten},
  year = {2008},
  url = {http://hackvalue.de/files/tsp.pdf},
  urldate = {2014-04-27},
  keywords = {lit},
}

@ONLINE{lit:np,
  url = {https://de.wikipedia.org/wiki/NP-Vollst%C3%A4ndigkeit},
  title = {NP-Vollst√§ndigkeit},
  publisher = {Wikipedia.org},
  urldate = {2014-04-27},
  year = {2014},
  keywords = {lit},
}



